@Article{cancer_stats2019,
author = "Siegel",
doi = " https://doi.org/10.3322/caac.21551"
}

@Article{cancer_grades2007,
author = "Louis",
doi = " https://doi.org/10.3322/caac.21551"
}

@Article{cancer_stats2020,
author = "Sung",
doi = "doi: 10.3322/caac.21660"
}

@Article{louis,
author = "Louis"
}

@Article{ostrom,
author = "Ostrom",
doi = "doi:10.1093/neuonc/noy131"
}

@article{histology_def,
author = "Britannica, T. Editors of Encyclopaedia",
Year = {2013}, 
Month = {10},
Day = {4},
Title = {Histology},
Journal = {Encyclopedia Britannica},
link = {https://www.britannica.com/science/histology}
}

@article{pathology_def,
author = "Britannica, T. Editors of Encyclopaedia",
Year = {2014}, 
Month = {11},
Day = {17},
Title = {Pathology},
Journal = {Encyclopedia Britannica},
link = {https://www.britannica.com/science/pathology}
}

@Article{histopathology_def,
author = "rcpath",
link = "https://www.rcpath.org/discover-pathology/news/fact-sheets/histopathology.html"
}

@Article{wsi_def,
author = "mbfbioscience",
link = "https://www.mbfbioscience.com/whole-slide-imaging"
}

@ARTICLE{Kurc2020,
AUTHOR={Kurc, Tahsin and Bakas, Spyridon and Ren, Xuhua and Bagari, Aditya and Momeni, Alexandre and Huang, Yue and Zhang, Lichi and Kumar, Ashish and Thibault, Marc and Qi, Qi and Wang, Qian and Kori, Avinash and Gevaert, Olivier and Zhang, Yunlong and Shen, Dinggang and Khened, Mahendra and Ding, Xinghao and Krishnamurthi, Ganapathy and Kalpathy-Cramer, Jayashree and Davis, James and Zhao, Tianhao and Gupta, Rajarsi and Saltz, Joel and Farahani, Keyvan}, 
TITLE={Segmentation and Classification in Digital Pathology for Glioma Research: Challenges and Deep Learning Approaches},
JOURNAL={Frontiers in Neuroscience},
VOLUME={14},
PAGES={27},     
YEAR={2020},      
URL={https://www.frontiersin.org/article/10.3389/fnins.2020.00027},
DOI={10.3389/fnins.2020.00027},
ISSN={1662-453X}
}


@InProceedings{bagari2019,
author="Bagari, Aditya and Kumar, Ashish and Kori, Avinash and Khened, Mahendra and Krishnamurthi, Ganapathy", editor="Crimi, Alessandro and Bakas, Spyridon and Kuijf, Hugo and Keyvan, Farahani and Reyes, Mauricio and van Walsum, Theo",
title="A Combined Radio-Histological Approach for Classification of Low Grade Gliomas",
booktitle="Brainlesion: Glioma, Multiple Sclerosis, Stroke and Traumatic Brain Injuries",
year="2019",
publisher="Springer International Publishing",
address="Cham",
pages="416--427",
isbn="978-3-030-11723-8"
}


@article{BARKER201660,
title = {Automated classification of brain tumor type in whole-slide digital pathology images using local representative tiles},
journal = {Medical Image Analysis},
volume = {30},
pages = {60-71},
year = {2016},
issn = {1361-8415},
doi = {https://doi.org/10.1016/j.media.2015.12.002},
url = {https://www.sciencedirect.com/science/article/pii/S1361841515001838},
author = {Jocelyn Barker and Assaf Hoogi and Adrien Depeursinge and Daniel L. Rubin}
}


@Article{cancers12030578,
AUTHOR = {Rathore, Saima and Niazi, Tamim and Iftikhar, Muhammad Aksam and Chaddad, Ahmad},
TITLE = {Glioma Grading via Analysis of Digital Pathology Images Using Machine Learning},
JOURNAL = {Cancers},
VOLUME = {12},
YEAR = {2020},
NUMBER = {3},
ARTICLE-NUMBER = {578},
URL = {https://www.mdpi.com/2072-6694/12/3/578},
ISSN = {2072-6694},
DOI = {10.3390/cancers12030578}
}


@InProceedings{momeni2018,
author="Momeni, Alexandre and Thibault, Marc and Gevaert, Olivier", editor="Crimi, Alessandro and Bakas, Spyridon and Kuijf, Hugo and Keyvan, Farahani and Reyes, Mauricio and van Walsum, Theo",
title="Dropout-Enabled Ensemble Learning for Multi-scale Biomedical Data",
booktitle="Brainlesion: Glioma, Multiple Sclerosis, Stroke and Traumatic Brain Injuries",
year="2019",
publisher="Springer International Publishing",
address="Cham",
pages="407--415",
isbn="978-3-030-11723-8"
}

@article{xu2017,
title={Large scale tissue histopathology image classification, segmentation, and visualization via deep convolutional activation features},
author={Y. Xu and Zhipeng Jia and L. Wang and Yuqing Ai and F. Zhang and Maode Lai and E. Chang},
journal={BMC Bioinformatics},
year={2017},
volume={18}
}

@article{campanella2019,
author = {Campanella, Gabriele and Hanna, Matthew and Geneslaw, Luke and Miraflor, Allen and Silva, Vitor and Busam, Klaus and Brogi, Edi and Reuter, Victor and Klimstra, David and Fuchs, Thomas},
year = {2019},
month = {08},
pages = {1},
title = {Clinical-grade computational pathology using weakly supervised deep learning on whole slide images},
volume = {25},
journal = {Nature Medicine},
doi = {10.1038/s41591-019-0508-1}
}

@article{janowczyk2016,
author = {Janowczyk, Andrew. and Madabhushi, Anant.},
title =  {Deep learning for digital pathology image analysis: A comprehensive tutorial with selected use cases},
journal  ={Journal of Pathology Informatics},
volume ={7},
number ={1},
pages  = {29},
doi  = {10.4103/2153-3539.186902},
year  = {2016}
}

@article{ertosun2015,
author = {Ertosun, Mehmet and Rubin, Daniel},
year = {2015},
month = {11},
pages = {1899-1908},
title = {Automated Grading of Gliomas using Deep Learning in Digital Pathology Images: A modular approach with ensemble of convolutional neural networks},
volume = {2015},
journal = {AMIA Annu Symp Proc}
}

@article{shirazi2020,
author = {Shirazi, Amin and Fornaciari, Eric and Bagherian, Narjes and Ebert, Lisa and Koszyca, Barbara and Gomez, Guillermo},
year = {2020},
month = {03},
title = {DeepSurvNet: deep survival convolutional network for brain cancer survival rate classification based on histopathological images},
volume = {58},
journal = {Medical \& Biological Engineering \& Computing},
doi = {10.1007/s11517-020-02147-3}
}

@InProceedings{Hamidinekoo2020,
author = {Hamidinekoo, Azam and Pieciak, Tomasz and Afzali, Maryam and Akanyeti, Otar and Yuan, Yinyin},
year = {2020},
month = {11},
title = {Glioma Classification Using Multimodal Radiology and Histology Data}
}

@article{ker2019,
title = {Automated brain histology classification using machine learning},
journal = {Journal of Clinical Neuroscience},
volume = {66},
pages = {239-245},
year = {2019},
issn = {0967-5868},
doi = {https://doi.org/10.1016/j.jocn.2019.05.019},
url = {https://www.sciencedirect.com/science/article/pii/S0967586819306563},
author = {Justin Ker and Yeqi Bai and Hwei Yee Lee and Jai Rao and Lipo Wang}
}

@article{wang2019,
author = {Wang, Xi and Chen, Hao and Gan, Caixia and Lin, Huangjing and Dou, Qi and Tsougenis, Efstratios and Huang, Qitao and Cai, Muyan and Heng, Pheng-Ann},
year = {2019},
month = {09},
pages = {1-13},
title = {Weakly Supervised Deep Learning for Whole Slide Lung Cancer Image Analysis},
volume = {PP},
journal = {IEEE Transactions on Cybernetics},
doi = {10.1109/TCYB.2019.2935141}
}

@inproceedings{hou2016,
author = {Hou, Le and Samaras, Dimitris and Kurc, Tahsin and Gao, Yi and Davis, James and Saltz, Joel},
year = {2016},
month = {06},
pages = {},
title = {Patch-Based Convolutional Neural Network for Whole Slide Tissue Image Classification},
volume = {2016},
journal = {Proceedings. IEEE Computer Society Conference on Computer Vision and Pattern Recognition},
doi = {10.1109/CVPR.2016.266}
}

@article{lecun2015,
author = {LeCun, Yann and Bengio, Y. and Hinton, Geoffrey},
year = {2015},
month = {05},
pages = {436-44},
title = {Deep Learning},
volume = {521},
journal = {Nature},
doi = {10.1038/nature14539}
}

@inproceedings{lecun1990,
title = "Handwritten digit recognition with a back-propagation network",
author = "Yann Lecun and B. Boser and Denker, {J. S.} and D. Henderson and Howard, {R. E.} and W. Hubbard and L.D. Jackel",
year = "1990",
language = "English (US)",
volume = "2",
editor = "David Touretzky",
booktitle = "Advances in Neural Information Processing Systems (NIPS 1989), Denver, CO",
publisher = "Morgan Kaufmann",
}

@inproceedings{raina2009,
author = {Raina, Rajat and Madhavan, Anand and Ng, Andrew},
year = {2009},
month = {01},
pages = {110},
title = {Large-scale deep unsupervised learning using graphics processors},
volume = {382},
journal = {Proceedings of the 26th International Conference On Machine Learning, ICML 2009},
doi = {10.1145/1553374.1553486}
}

@article{lecun2000,
author = {Lecun, Yann and Haffner, Patrick and Bengio, Y.},
year = {2000},
month = {08},
pages = {},
title = {Object Recognition with Gradient-Based Learning}
}